@book{hottbook, 
  author = {{Univalent Foundations Project}}, 
  title =          {Homotopy Type Theory: Univalent Foundations for Mathematics}, 
  publisher =          {\url{http://homotopytypetheory.org/book}}, 
  year =          2013}

@book{maclanemoerdijk,
author="Saunders MacLane and Ieke Moerdijk",
title="Sheaves in Geometry and Logic",
publisher="Springer-Verlag",
year="1992"}

@book{lurie,
   title = "Higher topos theory",
   author = "Lurie, Jacob",
   series = "Annals of mathematics studies",
   publisher = "Princeton University Press",
   address = "Princeton, N.J., Oxford",
   url = "http://opac.inria.fr/record=b1128872",
   isbn = "978-0-691-14048-3",
   year = 2009
}

@article{sets_in_hott,
  title={Sets in homotopy type theory},
  author={Rijke, Egbert and Spitters, Bas},
  year={2013},
}

@article{lumsdaine,
  title={Homotopy limits in type theory},
  author={Avigad, Jeremy and Kapulkin, Chris and Lumsdaine, Peter LeFanu},
  year={2014},
  }
  